%------------------------------------------------------------------*-BibTex-*--
% GRTensor references
%------------------------------------------------------------------------------
%
% Requires grtensor.sty which defines \uc{} = \uppercase{}.
%
%== Abbreviations =============================================================
%
%-- Journal titles ------------------------------------------------------------
%
@string{ actamath	= {Acta. Math.}}
@string{ amjphys	= {Am. J. Phys.}}
@string{ annphys	= {Ann. Phys}}
@string{ apj		= {Astrophys. J.}}
@string{ commathphys	= {Commun. Math. Phys}}
@string{ cqg		= {Class. Quantum Grav.}}
@string{ foundphyslett	= {Found. Phys. Lett.}}
@string{ grg		= {Gen. Rel. Grav.}}
@string{ jgeomphys	= {J. Geom. Phys}}
@string{ jmathphys	= {J. Math. Phys.}}
@string{ jphysa:mathgen	= {J. Phys. A: Math. Gen.}}
@string{ mnras		= {Mon. Not. Roy. Astr. Soc.}}
@string{ nuclphys 	= {Nucl. Phys.}}
@string{ physlett	= {Phys. Lett.}}
@string{ physrev	= {Phys. Rev.}}
@string{ physrep	= {Phys. Rep.}}
@string{ prsl		= {Proc. Roy. Soc. Lond.}}
@string{ pias		= {Proc. Ind. Acad. Soc.}}
@string{ preuss		= {Preuss. Akad. Wiss. Berlin, Sitzber.}}
@string{ qjm:ox		= {Quart. J. Math. Oxford}}
%
%-- Publishers ----------------------------------------------------------------
%
@string{ academic	= {Academic Press}}
@string{ cup		= {Cambridge University Press}}
@string{ clarendon	= {Clarendon Press}}
@string{ freeman	= {W. H. Freeman and Co.}}
@string{ oup		= {Oxford University Press}}
@string{ pergamon	= {Pergamon Press}}
@string{ prenticehall	= {Prentice-Hall}}
@string{ reidel		= {D. Reidel Publ. Co.}}
@string{ springer	= {Springer Verlag}}
@string{ wiley		= {John Wiley {\&} Sons}}
%
%== References ================================================================
%
%------------------------------------------------------------------------------
@Article{allen/etal:1994,
	author	= {Allen, A. and Fee, G. J. and Kachura, A. T. and
		  Letniowski, F. W. and McLenaghan, R. G.},
	year	= 1994,
	title	= {Comparison of \uc{A}lgorithms for the \uc{S}ymbolic
		  \uc{C}omputation of the \uc{NP} \uc{S}pin
		  \uc{C}oefficients and \uc{C}urvature \uc{C}omponents},
	journal	= grg,
	volume	= 26,
	pages	= {21--40}
}
%------------------------------------------------------------------------------
@Article{carminati/mclenaghan:1991,
	author	= {Carminati, J. and McLenaghan, R. G.},
	year	= 1991,
	title	= {Algebraic invariants of the \uc{R}iemann tensor in a
			four-dimensional \uc{L}orentzian space},
	journal	= jmathphys,
	volume	= 32,
	pages	= {3135--3140}
}
%------------------------------------------------------------------------------
@Book{chandrasekhar:1983,
	author	= {Chandrasekhar, S.},
	title	= {The \uc{M}athematical \uc{T}heory of \uc{B}lack
		  \uc{H}oles},
	year	= 1983,
	publisher = oup,
	address	= {Oxford}
}	
%------------------------------------------------------------------------------
@Article{ehlers:1993,
	author	= {Ehlers, J\"urgen},
	year	= 1993,
	title	= {Contributions to the relativistic mechanics of
		  continuous media},
	journal	= grg,
	volume	= 25,
	pages	= {1--43}
}
%------------------------------------------------------------------------------
@Book{krameretal,
	author 	= {Kramer, D. and Stephani, H. and Herlt E. and MacCallum, M.},
	title	= {Exact Solutions of Einstein's Field Equations},
	year	= 1980,
	publisher = cup,
	address	= {Cambridge}
}
%------------------------------------------------------------------------------
@Article{letniowski/mclenaghan:1988,
	author	= {Letniowski, F. W. and McLenaghan, R. G.},
	year	= 1988,
	title	= {An Improved Algorithm for Quartic Equation
		Classification and \uc{P}etrov Classification},
	journal	= grg,
	volume	= 20,
	pages	= {463--483}
}
%------------------------------------------------------------------------------
@Article{maccallum/siklos:1981,
	author	= { MacCallum, M. A. H. and Siklos, S. T. C.},
	year	= 1981,
	title	= { Algebraically-special hypersurface-homogeneous 
		\uc{E}instein spaces in general relativity },
	journal = jgeomphys,
	volume	= 8,
	pages	= {221--242}
}
%------------------------------------------------------------------------------
@Book{mtw,
	author	= {Misner, Charles W. and Thorne, Kip S. and
			Wheeler, John Archibald},
	title	= {Gravitation},
	year	= 1973,
	publisher = freeman,
	address	= {New York}
}
%------------------------------------------------------------------------------
@Unpublished{musgrave:1996,
	author	= {Musgrave, Peter},
	title	= {Scalar polynomial invariants of the \uc{R}iemann tensor
		  for spherical symmetry},
	year	= 1996,
	note	= {Unpublished (available upon request)}
}
%------------------------------------------------------------------------------
@Article{newman/penrose:1962,
	author	= {Newman, E. T. and Penrose, R.},
	year	= 1962,
	title	= {An approach to gravitational radiation by a method
		  of spin coefficients},
	journal	= jmathphys,
	volume	= 3,
	pages	= {896--902},
	note	= {(Errata 4:998, 1963)}
}
%------------------------------------------------------------------------------
@Unpublished{pollney:1996,
	author	= {Pollney, Denis},
	title	= {Notes on completeness of sets scalar polynomial
		  invariants of the \uc{R}iemann tensor to order five},
	year	= 1996,
	note	= {Unpublished (available upon request)}
}
%------------------------------------------------------------------------------
@Article{pmsl96,
	author	= {Pollney, Denis and Musgrave, Peter and Santosuosso,
		  Kevin and Lake, Kayll},
	year	= 1996,
	title	= {Algorithms for computer algebra calculations in
		  spacetime: \uc{I} \uc{T}he calculation of
		  curvature},
	journal	= cqg,
	volume	= 13,
	pages	= {2289--2309},
	note	= {This paper is also archived at the GRTensorII
		  world-wide-web pages \cite{www}.}
}
%------------------------------------------------------------------------------
@Book{wald,
	author	= {Wald, Robert M.},
	title	= {General Relativity},
	year	= 1984,
	publisher = {University of Chicago Press},
	address	= {Chicago}
}                                       
%------------------------------------------------------------------------------
@Unpublished{www,
	author	= {},
	title	= {},
	note	= {GRTensorIII software and documentation can be
		  obtained free of charge from 		  
		  \texttt{http://gitlab.com/grtensor/grtensor}. Installation instructions
		  are at \texttt{https://gitlab.com/grtensor/grtensor/wikis/home}}
}
%------------------------------------------------------------------------------
@Unpublished{zakhary/mcintosh:1996,
	author	= {Zakhary, E. and McIntosh, C. B. G},
	year	= 1996,
	title	= {A complete set of \uc{R}iemann invariants},
	note	= {preprint}
}
%==============================================================================